@inproceedings{meng2013improving,
  title={Improving short text classification using public search engin es},
  author={Meng, Wang and Lanfen, Lin and Jing, Wang and Penghua, Yu and Jiaolong, Liu and Fei, Xie},
  booktitle={International Symposium on Integrated Uncertainty in Knowledge Modelling and Decision Making},
  pages={157--166},
  year={2013},
  organization={Springer}
}

@inproceedings{sun2012short,
  title={Short text classification using very few words},
  author={Sun, Aixin},
  booktitle={Proceedings of the 35th international ACM SIGIR conference on Research and development in information retrieval},
  pages={1145--1146},
  year={2012}
}

@inproceedings{ramage2010characterizing,
  title={Characterizing microblogs with topic models},
  author={Ramage, Daniel and Dumais, Susan and Liebling, Dan},
  booktitle={Fourth international AAAI conference on weblogs and social media},
  year={2010}
}

@inproceedings{abel2011semantic,
  title={Semantic enrichment of twitter posts for user profile construction on the social web},
  author={Abel, Fabian and Gao, Qi and Houben, Geert-Jan and Tao, Ke},
  booktitle={Extended semantic web conference},
  pages={375--389},
  year={2011},
  organization={Springer}
}

@inproceedings{tang2017end,
  title={End-to-end learning for short text expansion},
  author={Tang, Jian and Wang, Yue and Zheng, Kai and Mei, Qiaozhu},
  booktitle={Proceedings of the 23rd ACM SIGKDD International Conference on Knowledge Discovery and Data Mining},
  pages={1105--1113},
  year={2017}
}

@article{李培培2011一种基于双层窗口的概念漂移数据流分类算法,
  title={一种基于双层窗口的概念漂移数据流分类算法},
  author={李培培},
  journal={自动化学报},
  volume={37},
  number={9},
  year={2011},
}

@article{陈火旺A,
  title={数据流挖掘分类技术综述},
  author={陈火旺},
  journal={计算机研究与发展},
  volume={044},
  number={011},
  pages={1809-1815},
}

@article{widmer1996learning,
  title={Learning in the presence of concept drift and hidden contexts},
  author={Widmer, Gerhard and Kubat, Miroslav},
  journal={Machine learning},
  volume={23},
  number={1},
  pages={69--101},
  year={1996},
  publisher={Springer}
}

@article{tsymbal2004problem,
  title={The problem of concept drift: definitions and related work},
  author={Tsymbal, Alexey},
  journal={Computer Science Department, Trinity College Dublin},
  volume={106},
  number={2},
  pages={58},
  year={2004}
}

@inproceedings{kuncheva2004classifier,
  title={Classifier ensembles for changing environments},
  author={Kuncheva, Ludmila I},
  booktitle={International Workshop on Multiple Classifier Systems},
  pages={1--15},
  year={2004},
  organization={Springer}
}

@inproceedings{kuncheva2008classifier,
  title={Classifier ensembles for detecting concept change in streaming data: Overview and perspectives},
  author={Kuncheva, Ludmila I},
  booktitle={2nd Workshop SUEMA},
  volume={2008},
  pages={5--10},
  year={2008}
}

@incollection{maloof2010aq,
  title={The AQ methods for concept drift},
  author={Maloof, Marcus A},
  booktitle={Advances in Machine Learning I},
  pages={23--47},
  year={2010},
  publisher={Springer}
}

@article{shirakawa2015wikipedia,
  title={Wikipedia-based semantic similarity measurements for noisy short texts using extended Naive Bayes},
  author={Shirakawa, Masumi and Nakayama, Kotaro and Hara, Takahiro and Nishio, Shojiro},
  journal={IEEE Transactions on Emerging Topics in Computing},
  volume={3},
  number={2},
  pages={205--219},
  year={2015},
  publisher={IEEE}
}

@inproceedings{li2016concept,
  title={Concept based short text stream classification with topic drifting detection},
  author={Li, Peipei and He, Lu and Hu, Xuegang and Zhang, Yuhong and Li, Lei and Wu, Xindong},
  booktitle={2016 IEEE 16th International Conference on Data Mining (ICDM)},
  pages={1009--1014},
  year={2016},
  organization={IEEE}
}

@article{phan2010hidden,
  title={A hidden topic-based framework toward building applications with short web documents},
  author={Phan, Xuan-Hieu and Nguyen, Cam-Tu and Le, Dieu-Thu and Nguyen, Le-Minh and Horiguchi, Susumu and Ha, Quang-Thuy},
  journal={IEEE Transactions on Knowledge and Data Engineering},
  volume={23},
  number={7},
  pages={961--976},
  year={2010},
  publisher={IEEE}
}

@inproceedings{oza2005online,
  title={Online bagging and boosting},
  author={Oza, Nikunj C},
  booktitle={2005 IEEE international conference on systems, man and cybernetics},
  volume={3},
  pages={2340--2345},
  year={2005},
  organization={Ieee}
}

@inproceedings{street2001streaming,
  title={A streaming ensemble algorithm (SEA) for large-scale classification},
  author={Street, W Nick and Kim, YongSeog},
  booktitle={Proceedings of the seventh ACM SIGKDD international conference on Knowledge discovery and data mining},
  pages={377--382},
  year={2001}
}

@inproceedings{wettschereck2003mining,
  title={Mining concept-drifting data streams with ensemble classifiers},
  author={Wettschereck, D and Aha, D},
  booktitle={Proc. of KDD},
  volume={3},
  year={2003}
}

@inproceedings{kotler2003dynamic,
  title={Dynamic weighted majority: A new ensemble method for tracking concept drift},
  author={Kotler, J and Maloof, Marcus},
  booktitle={IEEE International Conference on Data Mining},
  pages={123--130},
  year={2003}
}

@inproceedings{zhang2009mining,
  title={Mining data streams with labeled and unlabeled training examples},
  author={Zhang, Peng and Zhu, Xingquan and Guo, Li},
  booktitle={2009 Ninth IEEE International Conference on Data Mining},
  pages={627--636},
  year={2009},
  organization={IEEE}
}


@article{cheng2014btm,
  title={Btm: Topic modeling over short texts},
  author={Cheng, Xueqi and Yan, Xiaohui and Lan, Yanyan and Guo, Jiafeng},
  journal={IEEE Transactions on Knowledge and Data Engineering},
  volume={26},
  number={12},
  pages={2928--2941},
  year={2014},
  publisher={IEEE}
}

@article{phan2010hidden,
  title={A hidden topic-based framework toward building applications with short web documents},
  author={Phan, Xuan-Hieu and Nguyen, Cam-Tu and Le, Dieu-Thu and Nguyen, Le-Minh and Horiguchi, Susumu and Ha, Quang-Thuy},
  journal={IEEE Transactions on Knowledge and Data Engineering},
  volume={23},
  number={7},
  pages={961--976},
  year={2010},
  publisher={IEEE}
}

@article{Vapnik1964A,
  title={A note on one class of perceptrons},
  author={Vapnik, V. N. and Chervonenkis, A.},
  journal={Automation & Remote Control},
  volume={25},
  number={1},
  year={1964},
}

@article{Hsu2002A,
  title={A Comparison of Methods for Multiclass Support Vector Machines},
  author={Hsu, Chih Wei and Lin, Chih Jen},
  journal={IEEE Transactions on Neural Networks},
  volume={13},
  number={2},
  pages={415-425},
  year={2002},
}

@Misc{mozilla.org,
howpublished = {[EB/OL]},
note = {\url{https://developer.mozilla.org/en-US/docs/Learn/Server-side/Django/Introduction} Nov 30, 2019},
title = {Django introduction},
author = {mozilla}
}

@Misc{beginnersbook.com,
howpublished = {[EB/OL]},
note = {\url{https://beginnersbook.com/2017/09/mapping-relational-databases-to-mongodb/}},
title = {RDBMS vs MongoDB},
author = {beginnersbook}
}

@article{Phan2011A,
  title={A Hidden Topic-Based Framework toward Building Applications with Short Web Documents},
  author={Phan, Xuan Hieu and Nguyen, Cam Tu and Le, Dieu Thu and Nguyen, Le Minh and Horiguchi, Susumu and Ha, Quang Thuy},
  journal={IEEE Transactions on Knowledge & Data Engineering},
  volume={23},
  number={7},
  pages={p.961-976},
  year={2011},
}

@article{Vo2015Learning,
  title={Learning to classify short text from scientific documents using topic models with various types of knowledge},
  author={Vo, Duc Thuan and Ock, Cheol Young},
  journal={Expert Systems with Applications},
  volume={42},
  number={3},
  pages={1684-1698},
  year={2015},
}

@article{Peng2016Semantic,
  title={Semantic Expansion using Word Embedding Clustering and Convolutional Neural Network for Improving Short Text Classification},
  author={Peng Wang and Bo Xu and Jiaming Xu and Guanhua Tian and Chenglin Liu and Hongwei Hao},
  journal={Neurocomputing},
  volume={174},
  number={PB},
  pages={806-814},
  year={2016},
}

@article{Ge2014Short,
  title={Short Text Classification: A Survey},
  author={Ge, Song and Ye, Yunming and Du, Xiaolin and Huang, Xiaohui and Bie, Shifu},
  journal={Journal of Multimedia},
  volume={9},
  number={5},
  pages={635-643},
  year={2014},
}

@article{Rakib2020Enhancement,
  title={Enhancement of Short Text Clustering by Iterative Classification},
  author={Rakib, Md Rashadul Hasan and Zeh, Norbert and Jankowska, Magdalena and Milios, Evangelos},
  year={2020},
}

@article{杨波2019基于词向量和增量聚类的短文本聚类算法,
  title={基于词向量和增量聚类的短文本聚类算法},
  author={杨波 and 杨文忠 and 殷亚博 and 何雪琴 and 袁婷婷 and 刘泽洋},
  journal={计算机工程与设计},
  number={10},
  year={2019},
}

@article{Xuegang2018A,
  title={A survey on online feature selection with streaming features},
  author={Xuegang, H. U. and Zhou, Peng and Peipei, L. I. and Wang, Jing and Xindong, W. U.},
  journal={Frontiers of Computer Science},
  volume={12},
  number={3},
  year={2018},
}

@article{王细薇2009一种基于特征扩展的中文短文本分类方法,
  title={一种基于特征扩展的中文短文本分类方法},
  author={王细薇 and 樊兴华 and 赵军},
  journal={计算机应用},
  number={3},
  pages={225-227},
  year={2009},
}

@phdthesis{李太白短文本分类中特征选择算法的研究,
  title={短文本分类中特征选择算法的研究},
  author={李太白},
  school={重庆师范大学},
}

@inproceedings{Sriram2010Short,
  title={Short text classification in twitter to improve information filtering},
  author={Sriram, Bharath and Fuhry, Dave and Demir, Engin and Ferhatosmanoglu, Hakan and Demirbas, Murat},
  booktitle={Proceeding of International Acm Sigir Conference on Research & Development in Information Retrieval},
  year={2010},
}

@article{Jinbao2020Chinese,
  title={Chinese text classification based on attention mechanism and feature-enhanced fusion neural network},
  author={Jinbao Xie and Yongjin Hou and Yujing Wang and Qingyan Wang and Baiwei Li and Shiwei Lv and Yury I. Vorotnitsky},
  journal={Computing},
  volume={102},
  number={3},
  pages={683-700},
  year={2020},
}

@article{vapnik1999an,
title={An overview of statistical learning theory},
author={Vapnik, Vladimir},
journal={IEEE Transactions on Neural Networks},
volume={10},
number={5},
pages={988--999},
year={1999}}

@article{svetnik2003random,
title={Random Forest: A Classification and Regression Tool for Compound Classification and QSAR Modeling},
author={Svetnik, Vladimir and Liaw, Andy and Tong, Christopher and Culberson, J Christopher and Sheridan, And Robert P and Feuston, Bradley P},
journal={Journal of Chemical Information and Computer Sciences},
volume={43},
number={6},
pages={1947--1958},
year={2003}}

@article{friedman1997bayesian,
title={Bayesian Network Classifiers},
author={Friedman, Nir and Geiger, Dan and Goldszmidt, Moises},
journal={Machine Learning},
volume={29},
number={2},
pages={131--163},
year={1997}}

@article{yang1999a,
title={A re-examination of text categorization methods},
author={Yang, Yiming and Liu, Xin},
pages={42--49},
year={1999}}

@inproceedings{Ali2012Improved,
  title={Improved decision tree induction: Prioritized Height Balanced tree with entropy to find hidden rules},
  author={Ali, Mohd Mahmood and Qaseem, M. S. and Rajamani, Lakshmi and Govardhan, A.},
  booktitle={Acm International Proc " the Second International Conference on Computational Science},
  year={2012},
}

@article{Hu2018Online,
  title={Online Biterm Topic Model based Short Text Stream Classification using Short Text Expansion and Concept Drifting Detection},
  author={Hu, Xuegang and Wang, Haiyan and Li, Peipei},
  journal={Pattern Recognition Letters},
  year={2018},
}

@article{Lee2016Sequential,
  title={Sequential Short-Text Classification with Recurrent and Convolutional Neural Networks},
  author={Lee, Ji Young and Dernoncourt, Franck},
  year={2016},
}

@article{Aggarwal2012A,
  title={A Survey of Text Classification Algorithms},
  author={Aggarwal, Charu C. and Zhai, Cheng Xiang},
  year={2012},
}

@article{zhang2010understanding,
  title={Understanding bag-of-words model: a statistical framework},
  author={Zhang, Yin and Jin, Rong and Zhou, Zhi-Hua},
  journal={International Journal of Machine Learning and Cybernetics},
  volume={1},
  number={1-4},
  pages={43--52},
  year={2010},
  publisher={Springer}
}    

@inproceedings{ramos2003using,
  title={Using tf-idf to determine word relevance in document queries},
  author={Ramos, Juan and others},
  booktitle={Proceedings of the first instructional conference on machine learning},
  volume={242},
  pages={133--142},
  year={2003},
  organization={Piscataway, NJ}
}

@article{blei2003latent,
  title={Latent dirichlet allocation},
  author={Blei, David M and Ng, Andrew Y and Jordan, Michael I},
  journal={Journal of machine Learning research},
  volume={3},
  number={Jan},
  pages={993--1022},
  year={2003}
}

@article{russell2002artificial,
  title={Artificial intelligence: a modern approach},
  author={Russell, Stuart and Norvig, Peter},
  year={2002}
}
    
    